@book{Lamb1980,
    title = {{Elements of Soliton Theory}},
    year = {1981},
    booktitle = {ZAMM - Zeitschrift f{\"{u}}r Angewandte Mathematik und Mechanik},
    author = {Lamb, G. L., Jr.},
    number = {11},
    month = {5},
    pages = {603--603},
    volume = {61},
    publisher = {John Wiley {\&} Sons},
    url = {http://doi.wiley.com/10.1002/zamm.19810611116},
    address = {New York},
    isbn = {0-471-04559-4},
    doi = {10.1002/zamm.19810611116},
    issn = {00442267},
    keywords = {COHERENT LIGHT, KORTEWEG-DEVRIES EQUATION, LINEAR SYSTEMS, PERTURBATION THEORY, PHYSICS, POTENTIAL THEORY, SCATTERING, SCHROEDINGER EQUATION, SOLITARY WAVES, TRANSFORMATIONS (MATHEMATICS), VORTEX FILAMENTS, WAVE EQUATIONS}
}
@article{Ablowitz1974,
    title = {{The Inverse Scattering Transform-Fourier Analysis for Nonlinear Problems}},
    year = {1974},
    journal = {Studies in Applied Mathematics},
    author = {Ablowitz, Mark J. and Kaup, David J. and Newell, Alan C. and Segur, Harvey},
    number = {4},
    month = {12},
    pages = {249--315},
    volume = {53},
    url = {http://doi.wiley.com/10.1002/sapm1974534249},
    isbn = {00222526},
    doi = {10.1002/sapm1974534249},
    issn = {00222526}
}
@inproceedings{w17_1,
	title={Second order statistics of the scattering vector defining the dt nonlinear fourier transform},
	author={Wahls, S.},
	booktitle={SCC 2017; 11th International ITG Conference on Systems, Communications and Coding; Proceedings of},
	pages={1--6},
	year={2017},
	organization={VDE}
}
@article{s12,
	title={Solution of a nonlinear Schr\"odinger equation in the form of two-phase freak waves},
	author={Smirnov, A.},
	journal={Theoretical and Mathematical Physics},
	volume={173},
	number={1},
	pages={1403--1416},
	year={2012},
	publisher={Springer}
}
@article{bg15,
	title={A degeneration of two-phase solutions of the focusing nonlinear Schr{\"o}dinger equation via Riemann-Hilbert problems},
	author={Bertola, M. and Giavedoni, P.},
	journal={Journal of Mathematical Physics},
	volume={56},
	number={6},
	pages={061507},
	year={2015},
	publisher={AIP Publishing}
}
@article{dps15,
	title={Computing the Riemann constant vector},
	author={Deconinck, B. and Patterson, M. and Swierczewski, C.},
	journal={preprint, available online at https://depts. washington. edu/bdecon/papers/pdfs/rcv. pdf},
	year={2015}
}
@book{bk11,
	title={Computational approach to Riemann surfaces},
	author={Bobenko, A. and Klein, C.},
	year={2011},
	publisher={Springer}
}
@article{093,
	title={Numerical inverse scattering transform for the periodic, defocusing nonlinear Schr{\"o}dinger equation},
	author={Osborne, A.},
	journal={Physics Letters A},
	volume={176},
	number={1-2},
	pages={75--84},
	year={1993},
	publisher={Elsevier}
}
@article{is05,
	title={Predicting rogue waves in random oceanic sea states},
	author={Islas, A. and Schober, C.},
	journal={Physics of fluids},
	volume={17},
	number={3},
	pages={031701},
	year={2005},
	publisher={AIP}
}
@article{cs02,
	title={Homoclinic chaos increases the likelihood of rogue wave formation},
	author={Calini, A. and Schober, C.},
	journal={Physics Letters A},
	volume={298},
	number={5-6},
	pages={335--349},
	year={2002},
	publisher={Elsevier}
}
@article{cnm03,
	title={Periodic waves in bimodal optical fibers},
	author={Chow, K. and Nakkeeran, K. and Malomed, B. },
	journal={Optics communications},
	volume={219},
	number={1-6},
	pages={251--259},
	year={2003},
	publisher={Elsevier}
}
@article{ik76,
	title={Explicit Formulas for Solutions of {S}chr\"odinger nonlinear equation},
	author={Its, A. and Kotljarov, V.},
	journal={Dopovidi Akademii Nauk Ukrainskoi RSR Seriya A-Fiziko-Matematichni ta Technichni Nauki},
	number={11},
	pages={965--968},
	year={1976},
	publisher={Academy Science Ukraine Prospect Science 46, MSP, Kiev 22, Ukraine 252650}
}
@article{dhbhs03,
	title={Computing {R}iemann theta functions},
	author={Deconinck, B. and Heil, M. and Bobenko, A. and Van Hoeij, M. and Schmies, M.},
	journal={Mathematics of Computation},
	volume={73},
	number={247},
	pages={1417--1442},
	year={2004}
}
@article{oos00,
	title={The nonlinear dynamics of rogue waves and holes in deep-water gravity wave trains},
	author={Osborne, A. and Onorato, M. and Serio, M.},
	journal={Physics Letters A},
	volume={275},
	number={5-6},
	pages={386--393},
	year={2000},
	publisher={Elsevier}
}
@article{ohm12,
	title={A numerical study of the large-period limit of a {Z}akharov--{S}habat eigenvalue problem with periodic potentials},
	author={Olivier, C. and Herbst, B. and Molchan, M.},
	journal={Journal of Physics A: Mathematical and Theoretical},
	volume={45},
	number={25},
	pages={255205},
	year={2012},
	publisher={IOP Publishing}
}
@inproceedings{km16, 
	author={Kazakopoulos, P. and Moustakas, A.}, 
	booktitle={2016 IEEE International Symposium on Information Theory (ISIT)}, 
	title={On the soliton spectral efficiency in non-linear optical fibers}, 
	year={2016},
	pages={610-614}
}
@article{km08,
	title = {Nonlinear {S}chr\"odinger equation with random Gaussian input: Distribution of inverse scattering data and eigenvalues},
	author = {Kazakopoulos, P. and Moustakas, A.},
	journal = {Phys. Rev. E},
	volume = {78},
	issue = {1},
	pages = {016603},
	numpages = {7},
	year = {2008},
	month = {Jul},
	publisher = {American Physical Society},
	doi = {10.1103/PhysRevE.78.016603},
	url = {https://link.aps.org/doi/10.1103/PhysRevE.78.016603}
}
@article{vpsc17,
	title={Direct nonlinear {F}ourier transform algorithms for the computation of solitonic spectra in focusing nonlinear Schr\"odinger equation},
	author={Vasylchenkova, A. and Prilepsky, J. and Shepelsky, D. and Chattopadhyay, A.},
	journal={arXiv preprint arXiv:1708.01144},
	year={2017}
}
@article{sdpabt16,
	title={A lower bound on the capacity of the noncentral chi channel with applications to soliton amplitude modulation},
	author={Shevchenko, Nikita and Derevyanko, Stanislav and Prilepsky, Jaroslaw  and Alvarado, Alex and Bayvel, Polina and Turitsyn, Sergei},
	journal={arXiv preprint arXiv:1609.02318},
	year={2016}
}
@phdthesis{p07,
	title={Algebro-geometric algorithms for integrable systems},
	author={Patterson, M.},
	year={2007},
	publisher={University of Washington}
}